@article{REJEB2022107017,
    title = {Drones in agriculture: A review and bibliometric analysis},
    journal = {Computers and Electronics in Agriculture},
    volume = {198},
    pages = {107017},
    year = {2022},
    issn = {0168-1699},
    doi = {https://doi.org/10.1016/j.compag.2022.107017},
    url = {https://www.sciencedirect.com/science/article/pii/S0168169922003349},
    author = {Abderahman Rejeb and Alireza Abdollahi and Karim Rejeb and Horst Treiblmaier},
}

@article{JAVAID2022150,
title = {Enhancing smart farming through the applications of Agriculture 4.0 technologies},
journal = {International Journal of Intelligent Networks},
volume = {3},
pages = {150-164},
year = {2022},
issn = {2666-6030},
doi = {https://doi.org/10.1016/j.ijin.2022.09.004},
url = {https://www.sciencedirect.com/science/article/pii/S2666603022000173},
author = {Mohd Javaid and Abid Haleem and Ravi Pratap Singh and Rajiv Suman},
keywords = {Agriculture 4.0, Applications, Farm, Food, Smart farming, Technologies},
}

@article{rs12030514,
AUTHOR = {Fawcett, Dominic and Panigada, Cinzia and Tagliabue, Giulia and Boschetti, Mirco and Celesti, Marco and Evdokimov, Anton and Biriukova, Khelvi and Colombo, Roberto and Miglietta, Franco and Rascher, Uwe and Anderson, Karen},
TITLE = {Multi-Scale Evaluation of Drone-Based Multispectral Surface Reflectance and Vegetation Indices in Operational Conditions},
JOURNAL = {Remote Sensing},
VOLUME = {12},
YEAR = {2020},
NUMBER = {3},
ARTICLE-NUMBER = {514},
URL = {https://www.mdpi.com/2072-4292/12/3/514},
ISSN = {2072-4292},
DOI = {10.3390/rs12030514}
}

@article{drones4030041,
AUTHOR = {Panday, Uma Shankar and Pratihast, Arun Kumar and Aryal, Jagannath and Kayastha, Rijan Bhakta},
TITLE = {A Review on Drone-Based Data Solutions for Cereal Crops},
JOURNAL = {Drones},
VOLUME = {4},
YEAR = {2020},
NUMBER = {3},
ARTICLE-NUMBER = {41},
URL = {https://www.mdpi.com/2504-446X/4/3/41},
ISSN = {2504-446X},
DOI = {10.3390/drones4030041}
}


@misc{drone_facilitates,
title = {Drone technology facilitates precision agriculture},
author = {Monash University},
url = {https://www.sustainabilitymatters.net.au/content/sustainability/case-study/drone-technology-facilitates-precision-agriculture-704445729},
year = {2019},
note         = {Accessed: 2023-27-02}
}

@article{doi:10.1080/00380768.2020.1738899,
author = {Yoshio Inoue},
title = {Satellite- and drone-based remote sensing of crops and soils for smart farming â€“ a review},
journal = {Soil Science and Plant Nutrition},
volume = {66},
number = {6},
pages = {798-810},
year  = {2020},
publisher = {Taylor & Francis},
doi = {10.1080/00380768.2020.1738899},
URL = {https://doi.org/10.1080/00380768.2020.1738899},
eprint = {https://doi.org/10.1080/00380768.2020.1738899}
}

@article{
pestsdoi:10.1126/science.1183899,
author = {Robin Gebbers  and Viacheslav I. Adamchuk },
title = {Precision Agriculture and Food Security},
journal = {Science},
volume = {327},
number = {5967},
pages = {828-831},
year = {2010},
doi = {10.1126/science.1183899},
URL = {https://www.science.org/doi/abs/10.1126/science.1183899},
eprint = {https://www.science.org/doi/pdf/10.1126/science.1183899}
}

@article{MOGILI2018502,
title = {Review on Application of Drone Systems in Precision Agriculture},
journal = {Procedia Computer Science},
volume = {133},
pages = {502-509},
year = {2018},
note = {International Conference on Robotics and Smart Manufacturing (RoSMa2018)},
issn = {1877-0509},
doi = {https://doi.org/10.1016/j.procs.2018.07.063},
url = {https://www.sciencedirect.com/science/article/pii/S1877050918310081},
author = {UM Rao Mogili and B B V L Deepak},
keywords = {Unmanned aerial vehicle, Spraying System, Crop Monitoring, Quad copter, BLDC, ESC, PWM, NDVI}
}

@misc{droneAI,
title = {AI generated picture},
author = MidJourneyBOT,
url = {https://www.sustainabilitymatters.net.au/content/sustainability/case-study/drone-technology-facilitates-precision-agriculture-704445729},
year = {2023}
}

@article{GOODRICH2023107591,
title = {Placement and drone flight path mapping of agricultural soil sensors using machine learning},
journal = {Computers and Electronics in Agriculture},
volume = {205},
pages = {107591},
year = {2023},
issn = {0168-1699},
doi = {https://doi.org/10.1016/j.compag.2022.107591},
url = {https://www.sciencedirect.com/science/article/pii/S0168169922008997},
author = {Payton Goodrich and Omar Betancourt and Ana Claudia Arias and Tarek Zohdi},
keywords = {Agricultural sensors, UAVs, Genetic algorithms, Agent-based model, Geostatistics}
}

@article{agriculture_spreading,
author = {Mishra, Hariom},
year = {2022},
month = {02},
pages = {},
title = {DRONE in Agriculture article},
url = {https://www.researchgate.net/publication/358280649_DRONE_in_Agriculture_article},
}

@article{animals_drone,
author = {Claire Burke and Maisie Rashman and Serge Wich and Andy Symons and Cobus Theron and Steve Longmore},
title = {Optimizing observing strategies for monitoring animals using drone-mounted thermal infrared cameras},
journal = {International Journal of Remote Sensing},
volume = {40},
number = {2},
pages = {439-467},
year  = {2019},
publisher = {Taylor & Francis},
doi = {10.1080/01431161.2018.1558372},
URL = {https://doi.org/10.1080/01431161.2018.1558372},
eprint = {https://doi.org/10.1080/01431161.2018.1558372}

}

@article{agricultureswarm,
author = {Zohdi, T.I.},
year = {2019},
month = {02},
pages = {65},
title = {The Game of Drones: rapid agent-based machine-learning models for multi-UAV path planning. Comput Mech},
doi = {https://doi.org/10.1007/s00466-019-01761-9},
url = {https://link.springer.com/article/10.1007/s00466-019-01761-9}
}

@article{SUBRAMANIAM2021,
title = {Redesigning dispenser component to enhance performance crop-dusting agriculture drones},
journal = {Materials Today: Proceedings},
year = {2021},
issn = {2214-7853},
doi = {https://doi.org/10.1016/j.matpr.2021.03.015},
url = {https://www.sciencedirect.com/science/article/pii/S2214785321020046},
author = {Rajvin Subramaniam and Sami Salama Hussen Hajjaj and Kisheen Rao Gsangaya and Mohamed Thariq Hameed Sultan and Mohd Fazly Mail and Lee Seng Hua},
keywords = {Precision agriculture, Unmanned aerial vehicle, Crop-dusting, Fertilizer, Pesticide}
}